<record><leader>00000cas a22000007a 4500</leader><controlfield tag="001">14121628</controlfield><controlfield tag="008">860821d18631871pauwr ne      0    0eng d</controlfield><datafield ind1=" " ind2=" " tag="010"><subfield code="a">sn 86053630 </subfield></datafield><datafield ind1=" " ind2=" " tag="040"><subfield code="a">NPX</subfield><subfield code="b">eng</subfield><subfield code="c">NPX</subfield><subfield code="d">NPH</subfield><subfield code="d">OCLCQ</subfield></datafield><datafield ind1=" " ind2=" " tag="042"><subfield code="a">msc</subfield></datafield><datafield ind1="0" ind2=" " tag="130"><subfield code="a">Mercersburg journal (Mercersburg, Pa. : 1863)</subfield></datafield><datafield ind1="1" ind2="0" tag="245"><subfield code="a">Mercersburg journal.</subfield></datafield><datafield ind1=" " ind2=" " tag="260"><subfield code="a">Mercersburg, Pa. :</subfield><subfield code="b">J.M. Bradley &amp; Co.,</subfield><subfield code="c">1863-</subfield></datafield><datafield ind1=" " ind2=" " tag="300"><subfield code="a">v.</subfield></datafield><datafield ind1=" " ind2=" " tag="310"><subfield code="a">Weekly</subfield></datafield><datafield ind1="0" ind2=" " tag="362"><subfield code="a">Vol. 19, no. 37 (Jan. 16, 1863)-</subfield></datafield><datafield ind1="1" ind2=" " tag="362"><subfield code="a">Ceased in 1871?</subfield></datafield><datafield ind1=" " ind2=" " tag="752"><subfield code="a">United States</subfield><subfield code="b">Pennsylvania</subfield><subfield code="c">Franklin</subfield><subfield code="d">Mercersburg.</subfield></datafield><datafield ind1="0" ind2="0" tag="780"><subfield code="t">Good intent (Mercersburg, Pa.)</subfield><subfield code="w">(DLC)sn 89077525</subfield></datafield><datafield ind1="0" ind2="0" tag="785"><subfield code="t">Weekly journal (Mercersburg, Pa. : 1871)</subfield><subfield code="w">(DLC)sn 89077549</subfield></datafield></record>